% ....názov súboru je: literatura.bib

@inproceedings{smyczynski2017autonomous,
  title={Autonomous drone control system for object tracking: Flexible system design with implementation example},
  author={Smyczy{\'n}ski, Pawe{\l} and Starzec, {\L}ukasz and Granosik, Grzegorz},
  booktitle={2017 22nd International Conference on Methods and Models in Automation and Robotics (MMAR)},
  pages={734--738},
  year={2017},
  organization={IEEE}
}

@article{pestana2015vision,
  title={A Vision-based Quadrotor Multi-robot Solution for the Indoor Autonomy Challenge of the 2013 International Micro Air Vehicle Competition},
  author={Pestana Puerta, Jes{\'u}s and S{\'a}nchez L{\'o}pez, Jos{\'e} Luis and Puente Yusty, Paloma de la and Carrio Fern{\'a}ndez, Adri{\'a}n and Campoy Cervera, Pascual},
  journal={Journal of Intelligent and Robotic Systems},
  pages={1--20},
  year={2015},
  publisher={Springer}
}

@article{sanchez2017multi,
  title={A multi-layered component-based approach for the development of aerial robotic systems: The aerostack framework},
  author={Sanchez-Lopez, Jose Luis and Molina, Martin and Bavle, Hriday and Sampedro, Carlos and Fern{\'a}ndez, Ram{\'o}n A Su{\'a}rez and Campoy, Pascual},
  journal={Journal of Intelligent \& Robotic Systems},
  volume={88},
  number={2},
  pages={683--709},
  year={2017},
  publisher={Springer}
}

@book{nonami2010autonomous,
  title={Autonomous flying robots: unmanned aerial vehicles and micro aerial vehicles},
  author={Nonami, Kenzo and Kendoul, Farid and Suzuki, Satoshi and Wang, Wei and Nakazawa, Daisuke},
  year={2010},
  publisher={Springer Science \& Business Media}
}

@article{nonami2020present,
  title={Present state and future prospect of autonomous control technology for industrial drones},
  author={Nonami, Kenzo},
  journal={IEEJ Transactions on Electrical and Electronic Engineering},
  volume={15},
  number={1},
  pages={6--11},
  year={2020},
  publisher={Wiley Online Library}
}

@misc{nonami2018all,
  title={All of the Drone Industry Application},
  author={Nonami, K},
  year={2018},
  publisher={Ohmsha}
}